<?xml version="1.0" encoding="UTF-8"?><record xmlns="http://www.loc.gov/MARC21/slim" xmlns:cinclude="http://apache.org/cocoon/include/1.0" xmlns:zs="http://www.loc.gov/zing/srw/">
  <leader>01578cz  a2200217n  4500</leader>
  <controlfield tag="001">n  50075106 </controlfield>
  <controlfield tag="003">DLC</controlfield>
  <controlfield tag="005">19910108071700.1</controlfield>
  <controlfield tag="008">801231n| acannaab|          |a ana |||  </controlfield>
  <datafield tag="010" ind1=" " ind2=" ">
    <subfield code="a">n  50075106 </subfield>
  </datafield>
  <datafield tag="040" ind1=" " ind2=" ">
    <subfield code="a">DLC</subfield>
    <subfield code="c">DLC</subfield>
    <subfield code="d">DLC</subfield>
  </datafield>
  <datafield tag="110" ind1="2" ind2="0">
    <subfield code="a">Nauchno-issledovatelʹskiĭ institut obshchikh problem vospitanii︠a︡ APN SSSR</subfield>
  </datafield>
  <datafield tag="410" ind1="2" ind2="0">
    <subfield code="w">nna</subfield>
    <subfield code="a">Akademii︠a︡ pedagogicheskikh nauk SSSR.</subfield>
    <subfield code="b">Nauchno-issledovatelʹskiĭ institut obshchikh problem vospitanii︠a︡</subfield>
  </datafield>
  <datafield tag="410" ind1="2" ind2="0">
    <subfield code="a">Institut obshchikh problem vospitanii︠a︡ (Akademii︠a︡ pedagogicheskikh nauk SSSR)</subfield>
  </datafield>
  <datafield tag="410" ind1="2" ind2="0">
    <subfield code="a">NII obshchikh problem vospitanii︠a︡ APN SSSR</subfield>
  </datafield>
  <datafield tag="410" ind1="2" ind2="0">
    <subfield code="a">Výskumný ústav všeobecných problémov výchovy (Akademii︠a︡ pedagogicheskikh nauk SSSR)</subfield>
  </datafield>
  <datafield tag="410" ind1="2" ind2="0">
    <subfield code="a">Nauchno-issledovatelʹskiĭ institut obshchikh problem vospitanii︠a︡ (Akademii︠a︡ pedagogicheskikh nauk SSSR)</subfield>
  </datafield>
  <datafield tag="670" ind1=" " ind2=" ">
    <subfield code="a">Vospit. dei︠a︡t. pion. organ., 1982:</subfield>
    <subfield code="b">t.p. (Nauchno-issledovatelʹskiĭ institut obshchikh problem vospitanii︠a︡ APN SSSR)</subfield>
  </datafield>
  <datafield tag="670" ind1=" " ind2=" ">
    <subfield code="a">Kollektivnai︠a︡ uchebno-poznavatelʹnai︠a︡ dei︠a︡telʹnostʹ shkolʹnikov, 1985:</subfield>
    <subfield code="b">t.p. (NII obshchikh problem vospitanii︠a︡ APN SSSR)</subfield>
  </datafield>
  <datafield tag="670" ind1=" " ind2=" ">
    <subfield code="a">Formirovanie nauch. mirovoz. uchashch., 1985:</subfield>
    <subfield code="b">added t.p. (Akadémia pedagogických vied ZSSR. Výskumný ústav všeobecných problémov výchovy)</subfield>
  </datafield>
  <datafield tag="670" ind1=" " ind2=" ">
    <subfield code="a">Razvitie ideĭ A.S. Makarenko v teorii i metodike vospitanii︠a︡, 1989:</subfield>
    <subfield code="b">t.p. (Akademii︠a︡ pedagogicheskikh nauk SSSR, Nauchno-issledovatelʹskiĭ institut obshchikh problem vospitanii︠a︡)</subfield>
  </datafield>
</record>